<?xml version="1.0" encoding="UTF-8"?><collection xmlns="http://www.loc.gov/MARC21/slim"><record><leader>00473nam--2200181-i-4500</leader><controlfield tag="001">000009388</controlfield><controlfield tag="002">20161230</controlfield><controlfield tag="005">20161230201028</controlfield><controlfield tag="008">060222s1000------------r-----000-0-eng-d</controlfield><datafield ind1=" " ind2=" " tag="040"><subfield code="a">IFIN-HH</subfield></datafield><datafield ind1=" " ind2=" " tag="080"><subfield code="a">531</subfield></datafield><datafield ind1="1" ind2=" " tag="100"><subfield code="a">Arthur, Wallace</subfield></datafield><datafield ind1="1" ind2="0" tag="245"><subfield code="a">Mechanics</subfield><subfield code="c">Wallace Arthur, Saul K. Fenster</subfield></datafield><datafield ind1=" " ind2=" " tag="260"><subfield code="a">New York, Holt, Rinehart And Winston, Inc., 1969</subfield></datafield><datafield ind1=" " ind2=" " tag="300"><subfield code="a">XV + 665 P</subfield></datafield><datafield ind1="1" ind2=" " tag="700"><subfield code="a">Fenster, Saul K</subfield></datafield><datafield ind1=" " ind2=" " tag="852"><subfield code="a">34143</subfield><subfield code="c">531</subfield></datafield><datafield ind1=" " ind2=" " tag="CAT"><subfield code="a">Sys</subfield><subfield code="c">20100624</subfield><subfield code="h">083716</subfield></datafield></record></collection>